@article{lhcJinst,
author  = "Lyndon Evans and Phylip Bryant",
title   = "{LHC Machine}",
journal = "JINST",
volume  = "3",
number  = "S08001",
year    = "2008"
}

@misc{hlLhcPreDesRep,
author        = {{HiLumi LHC Collaboration}},
title         = "{HL-LHC Preliminary Design Report}",
howpublished  = "\url{http://hilumilhc.web.cern.ch/science/deliverables}",
number        = "CERN-ACC-2014-0300",
year          = "2014"
}

@misc{hlLhcTecDesRep,
author        = {{HiLumi LHC Collaboration}},
title         = "{HiLumi LHC Technical Design Report}",
howpublished  = "\url{http://hilumilhc.web.cern.ch/science/deliverables}",
number        = "CERN-ACC-2015-0140",
year          = "2015"
}

@techreport{cmsMIPtiming,
      author        = "{CMS Collaboration}",
      title         = "{TECHNICAL PROPOSAL FOR A MIP TIMING DETECTOR IN THE CMS
                       EXPERIMENT PHASE 2 UPGRADE}",
      institution   = "CERN",
      address       = "Geneva",
      number        = "CERN-LHCC-2017-027. LHCC-P-009",
      month         = "Dec",
      year          = "2017",
      reportNumber  = "CERN-LHCC-2017-027",
      url           = "http://cds.cern.ch/record/2296612",
}

@techreport{atlasMIPtiming,
      author        = "{ATLAS Collaboration}",
      title         = "{Technical Proposal: A High-Granularity Timing Detector
                       for the ATLAS Phase-II Upgrade}",
      institution   = "CERN",
      address       = "Geneva",
      number        = "CERN-LHCC-2018-023. LHCC-P-012",
      month         = "Jun",
      year          = "2018",
      reportNumber  = "CERN-LHCC-2018-023",
      url           = "http://cds.cern.ch/record/2623663",
}

@misc{rmdAddress,
author = {{Radiation Monitoring Devices Inc.}},
howpublished = {44 Hunt St. Watertown USA, \url{http://rmdinc.com/}}
}

@article{white2014,
author = "Sebastian White",
title = "{R\&D for a Dedicated Fast Timing Layer in the CMS Endcap Upgrade}",
journal = "Acta Physica Polonica B Proceedings Supplement",
number = "4",
volume = "7",
year = "2014",
}

@misc{vlado,
author = {Vladimir Cindro},
institution = {Jo\v{z}ef Stefan Institute, Ljubljana},
title = {Private communication},
}

@article{theoryDDAPD,
author = { Robert H. Redus and Richard  Farrell},
title = {Gain and noise in very high-gain avalanche photodiodes: theory and experiment},
journal = {Proc.SPIE},
volume = {2859},
number = {},
pages = {288 - 297},
year = {1996},
doi = {10.1117/12.245118},
URL = {https://doi.org/10.1117/12.245118},
eprint = {}
}

@misc{cividec,
author = {{CIVIDEC Instrumentation GmbH}},
howpublished = {Schottengasse 3A Wien Austria, \url{http://cividec.at/}}
}

@misc{cmi,
author = {{CMi-EPFL}},
howpublished = {CH-1015 Lausanne, \url{https://cmi.epfl.ch/}}
}

@article{jsiIrrad,
title = "Computational analysis of irradiation facilities at the JSI TRIGA reactor",
journal = "Applied Radiation and Isotopes",
volume = "70",
number = "3",
pages = "483 - 488",
year = "2012",
issn = "0969-8043",
doi = "https://doi.org/10.1016/j.apradiso.2011.11.042",
url = "http://www.sciencedirect.com/science/article/pii/S0969804311005963",
author = "Luka Snoj and Gašper Žerovnik and Andrej Trkov",
keywords = "Research reactor, TRIGA, Irradiation channels, Neutron flux and spectrum"
}

@misc{apdPatent,
  title={Large area semiconductor detector with internal gain},
  author={Farrell, R. and Vanderpuye, K.},
  url={http://www.google.com/patents/US7268339},
  year={2007},
  month=sep # "~11",
  publisher={Google Patents},
  note={US Patent 7,268,339}
}

@INPROCEEDINGS{mcclish2004,
author={M. McClish and R. Farrell and F. Olschner and M. R. Squillante and G. Entine and K. S. Shah},
booktitle={IEEE Symposium Conference Record Nuclear Science 2004.},
title={Characterization of very large silicon avalanche photodiodes},
year={2004},
volume={2},
number={},
pages={1270-1273 Vol. 2},
keywords={X-ray apparatus;X-ray detection;alpha-particle detection;avalanche photodiodes;gamma-ray apparatus;gamma-ray detection;particle spectrometers;silicon radiation detectors;solid scintillation detectors;-40 degC;2.4 keV;137Cs gamma-ray source;55Fe X-ray source;CsI(Tl) scintillator;alpha particle irradiation;energy resolution;high gain very large area silicon avalanche photodiode characterization;liquid nitrogen temperature;low intensity optical signal;noise;packaging design;planar process;rise time;scintillation spectrometers;Avalanche photodiodes;Energy measurement;Energy resolution;Gamma rays;Iron;Optical noise;Silicon;Spectroscopy;Temperature;X-rays},
doi={10.1109/NSSMIC.2004.1462432},
ISSN={1082-3654},
month={Oct},}

@article{cartiglia2017,
title = "Tracking in 4 dimensions",
journal = "Nuclear Instruments and Methods in Physics Research Section A: Accelerators, Spectrometers, Detectors and Associated Equipment",
volume = "845",
pages = "47 - 51",
year = "2017",
note = "Proceedings of the Vienna Conference on Instrumentation 2016",
issn = "0168-9002",
doi = "https://doi.org/10.1016/j.nima.2016.05.078",
url = "http://www.sciencedirect.com/science/article/pii/S0168900216304715",
author = "{N. Cartiglia et al.}",
keywords = "Tracking, UFSD, LGAD, Ultrafast, Particles, Silicon"
}

@article{sohl2018,
title = "{Spatial time resolution of MCP–PMTs as a t0-reference}",
journal = "NIM",
year = "2018",
issn = "0168-9002",
doi = "https://doi.org/10.1016/j.nima.2018.11.138",
url = "http://www.sciencedirect.com/science/article/pii/S0168900218317911",
author = "L. Sohl",
keywords = "MCP–PMT, Time resolution, Beam test, Timing reference, MPGD, PICOSEC, Micromegas"
}

@article{bortfeld2018,
title = "{PICOSEC: Charged particle timing at sub-25 picosecond precision with a Micromegas based detector}",
journal = "NIM",
volume = "A 903",
pages = "317 - 325",
year = "2018",
issn = "0168-9002",
doi = "https://doi.org/10.1016/j.nima.2018.04.033",
url = "http://www.sciencedirect.com/science/article/pii/S0168900218305369",
author = "{J. Bortfeldt et. al.}",
keywords = "Picosecond timing, MPGD, Micromegas, Photocathodes, Timing algorithms"
}

@thesis{ugobonoThesis,
      author        = "Otero Ugobono, Sofia",
      title         = "{Characterisation and Optimisation of Radiation-Tolerant
                       Silicon Sensors with Intrinsic Gain}",
      month         = "Jul",
      year          = "2018",
      reportNumber  = "CERN-THESIS-2018-264",
      url           = "http://cds.cern.ch/record/2649130",
      note          = "Presented 21 Nov 2018",
}